@ARTICLE{Stedile2020-iv,
  title     = "Dynamics of urban segregation Vila Leopoldina. From sesmarias to
               gated communities",
  author    = "St{\'e}dile, J A",
  abstract  = "Accession Number: edselc.2-52.0-85140976450; (Revista de Gestao
               Ambiental e Sustentabilidade, 2020, 10(1)) Publication Type:
               Academic Journal; Rights: Copyright 2022 Elsevier B.V., All
               rights reserved.",
  journal   = "Revista de Gestao Ambiental e Sustentabilidade",
  publisher = "Universidade Nove de Julho-UNINOVE",
  volume    =  10,
  number    =  1,
  month     =  jan,
  year      =  2020,
  keywords  = "Gated communities; Public space; Urban segregation; Urban
               typologies; Vila Leopoldina;Sesmarias"
}

@ARTICLE{Silva2019-vj,
  title     = "{LATIF{\'U}NDIO}: {UMA} {AN{\'A}LISE} A {PARTIR} {DO}
               {ARCABOU{\c} {C}O} {NORMATIVO} {DO} {REGIME} {DE} {SESMARIAS}
               {NO} {BRASIL}",
  author    = "Silva, Karla Karoline Rodrigues and Lopes Maia, Cl{\'a}udio",
  abstract  = "Accession Number: 139757311; Silva, Karla Karoline Rodrigues 1;
               Email Address: karla.s.rodrigues@hotmail.com Lopes Maia,
               Cl{\'a}udio 2; Email Address: maiaclaudio@yahoo.com.br;
               Affiliation: 1: Mestranda em Direito Agr{\'a}rio pela
               Universidade Federal de Goi{\'a}s (UFG) 2: Doutor em
               Hist{\'o}ria pela Universidade Federal de Goi{\'a}s, UFG (2008);
               Source Info: jan-jun2019, Vol. 5 Issue 1, p1; Author-Supplied
               Keyword: legal-normative model; Author-Supplied Keyword:
               legislation; Author-Supplied Keyword: possession;
               Author-Supplied Keyword: conflito agr{\'a}rio; Author-Supplied
               Keyword: latif{\'u}ndio; Author-Supplied Keyword: modelo
               jur{\'\i}dico-normativo; Author-Supplied Keyword: posse;
               Author-Supplied Keyword: regime de sesmarias; Language of
               Keywords: English; Language of Keywords: Portuguese; Number of
               Pages: 17p; Document Type: Article; Language: Portuguese",
  journal   = "Revista de Direito Agr{\'a}rio e Agroambiental",
  publisher = "Tutor Desenvolvimento e Publicacoes Ltda.",
  volume    =  5,
  number    =  1,
  pages     = "1--17",
  year      =  2019,
  keywords  = "legal-normative model; legislation; possession; conflito
               agr{\'a}rio; latif{\'u}ndio; modelo jur{\'\i}dico-normativo;
               posse; regime de sesmarias;Sesmarias"
}

@MISC{Menendes_Motta_undated-ml,
  title        = "The sesmarias in Brazil: Colonial land policies in the late
                  eighteenth-century",
  author       = "Menendes Motta, Marcia Maria and De, Francisco Mauricio and
                  Coutinho, Souza and De, D Rodrigo",
  abstract     = "This article discusses the reasons for the promulgation of
                  the Alvar{\'a} of 1795, the most important of an entire
                  series of decisions by the Crown to legalize the procedures
                  by which sesmarias were granted. The abovementioned
                  Alvar{\'a} was the result of a consultation with the Overseas
                  Council regarding the irregularities and unruliness which
                  characterized the regulation of sesmarias in Brazil. Revoked
                  the following year, the Alvar{\'a} represented the effort of
                  the Crown to stop the process of illegal land occupation. Its
                  dispositions were object reasoning from D. Rodrigo de Souza
                  Coutinho and Francisco Mauricio de Souza Coutinho, Para's
                  governor and brother of Dom Rodrigo, State Secretary of the
                  Navy and Overseas Dominions. Francisco de Souza Coutinho
                  interpreted the articles set in the Alvar{\'a} of 1795, in an
                  effort to propose solutions to the problems resulting from
                  the concession and demarcation of land. This article,
                  therefore, analyzes the limits of State action in relation to
                  land policies in its main colony, Brazil.",
  howpublished = "\url{https://www.brown.edu/Departments/Portuguese_Brazilian_Studies/ejph/html/issue6/pdf/mmotta.pdf}",
  note         = "Accessed: 2022-7-24",
  keywords     = "To Read;Sesmarias"
}

% The entry below contains non-ASCII chars that could not be converted
% to a LaTeX equivalent.
@ARTICLE{Pinto2010-jn,
  title     = "Avan{\c c}o Da Agricultura Sobre As Terras Ind{\'\i}genas Da
               Capitania De Minas: Distribui{\c c}{\~a}o De Sesmarias Nos
               Sert{\~o}es Dos Rios Pomba {E} Peixe (1750-1822)",
  author    = "Pinto, Francisco Eduardo",
  abstract  = "No abstract is available for this item.",
  journal   = "Anais do XIV Semin·rio sobre a Economia Mineira [Proceedings of
               the 14th Seminar on the Economy of Minas Gerais]",
  publisher = "Cedeplar, Universidade Federal de Minas Gerais",
  year      =  2010,
  keywords  = "To Read;Sesmarias"
}

@ARTICLE{Malcher_undated-rw,
  title    = "Sesmarias Instituto de Terras do Par{\'a}",
  author   = "Malcher, Marly Camargo Vidal Maria",
  keywords = "Sesmarias"
}

@ARTICLE{Laguardia2011-wk,
  title     = "Sorte de terra, fazenda, sesmaria... georreferenciamento como
               instrumento de an{\'a}lise do registro de terra",
  author    = "Laguardia, Rafael Martins de Oliveira",
  publisher = "Universidade Federal de Juiz de Fora (UFJF)",
  month     =  mar,
  year      =  2011,
  keywords  = "Hist{\'o}ria agr{\'a}ria; Georreferenciamento; Registro
               paroquial de terras; Estrutura fundi{\'a}ria; Distribui{\c
               c}{\~a}o espacial de propriedades; Santo Antonio do Paraibuna;
               Agricultural history; Geocoding; Registro paroquial de terras;
               Land structure; Spatial distribution of properties; Santo
               Antonio do Paraibuna; Disserta{\c c}{\~a}o;Sesmarias"
}

@ARTICLE{Lobb1976-mc,
  title     = "The Sesmaria in Rio Grande do Sul: A Successful Frontier
               Institution, 1737-1823",
  author    = "Lobb, C Gary",
  journal   = "Yearbook of the Association of Pacific Coast Geographers",
  publisher = "University of Hawai'i Press",
  volume    =  38,
  pages     = "49--63",
  year      =  1976,
  keywords  = "Sesmarias"
}

% The entry below contains non-ASCII chars that could not be converted
% to a LaTeX equivalent.
@ARTICLE{Motta2005-kg,
  title     = "The Sesmarias in Brazil: Colonial Land Policies In The Late
               Eighteenth Century",
  author    = "Motta, M{\'a}rcia",
  abstract  = "… to legalize the procedures by which sesmarias were granted.
               The … the regulation of sesmarias in Brazil . Revoked the
               following … action in relation to land policies in its main
               colony, Brazil . …",
  journal   = "e-Journal of Portuguese History, Brown University",
  publisher = "estudogeral.uc.pt",
  year      =  2005,
  keywords  = "Sesmarias"
}

% The entry below contains non-ASCII chars that could not be converted
% to a LaTeX equivalent.
@ARTICLE{Dean1971-iq,
  title     = "Latifundia and land policy in nineteenth-century Brazil",
  author    = "Dean, Werren",
  abstract  = "… Some Portuguese did remain on the sesmarias of others as
               tenants of a sort, but because … the principal institutions of
               Brazilian society. The sesmarias were granted unsystematically
               and …",
  journal   = "Hisp. Am. Hist. Rev.",
  publisher = "Duke University Press",
  volume    =  51,
  number    =  4,
  pages     = "606--625",
  month     =  nov,
  year      =  1971,
  keywords  = "Sesmarias",
  language  = "en"
}

@BOOK{Da_Costa_Porto1979-dz,
  title     = "{O} sistema sesmarial no Brasil",
  author    = "da Costa Porto, Jos{\'e}",
  publisher = "Editora Universidade de Bras{\'\i}lia",
  year      =  1979,
  keywords  = "Books;Sesmarias",
  language  = "pt-BR"
}

@BOOK{Alden1973-ky,
  title     = "Colonial roots of modern Brazil papers of the Newberry Library
               Conference",
  author    = "Alden, Dauril",
  publisher = "University of California Press",
  year      =  1973,
  address   = "Berkeley",
  keywords  = "Books;Sesmarias;Slavery in Brazil;Third Year Paper",
  language  = "en"
}

@BOOK{Diffie1987-bw,
  title     = "A History of Colonial Brazil, 1500-1792",
  author    = "Diffie, Bailey Wallys",
  publisher = "R.E. Krieger Publishing Company",
  year      =  1987,
  keywords  = "Books;Sesmarias;Slavery in Brazil;Third Year Paper",
  language  = "en"
}

@BOOK{Bethell1987-ml,
  title     = "Colonial Brazil",
  author    = "Bethell, Leslie",
  publisher = "Cambridge University Press",
  year      =  1987,
  address   = "Cambridge",
  keywords  = "Books;Sesmarias;Slavery in Brazil;Third Year Paper",
  language  = "en"
}

@BOOK{Lima2002-kd,
  title     = "Pequena hist{\'o}ria territorial do Brasil: sesmarias e terras
               devolutas",
  author    = "Lima, Ruy Cirne",
  publisher = "Editora UFG",
  year      =  2002,
  keywords  = "Books;Sesmarias",
  language  = "pt-BR"
}

% The entry below contains non-ASCII chars that could not be converted
% to a LaTeX equivalent.
@MISC{Nozoe_undated-yn,
  title        = "Sesmarias e Apossamento de Terras no Brasil Colˆonia",
  author       = "Nozoe, Nelson and Economia, Revista",
  howpublished = "\url{https://www.anpec.org.br/revista/vol7/vol7n3p587_605.pdf}",
  note         = "Accessed: 2023-1-31",
  keywords     = "Sesmarias"
}

% The entry below contains non-ASCII chars that could not be converted
% to a LaTeX equivalent.
@BOOK{Motta1998-xw,
  title     = "Nas fronteiras do poder conflitos de terras e direito agrário
               no Brasil de meados do século {XIX}",
  author    = "Motta, Márcia",
  publisher = "Arquivo Público do Estado do Rio de Janeiro",
  year      =  1998,
  address   = "[Rio de Janeiro, Brazil]",
  keywords  = "Books;Sesmarias",
  language  = "pt"
}

@BOOK{Caldeira2017-tl,
  title     = "Hist{\'o}ria da riqueza no Brasil: cinco s{\'e}culos de pessoas,
               costumes e governos",
  author    = "Caldeira, Jorge",
  publisher = "Esta{\c c}{\~a}o Brasil",
  year      =  2017,
  keywords  = "Books;Sesmarias;Slavery in Brazil;Third Year Paper",
  language  = "pt"
}

@ARTICLE{Chambouleyron2020-fx,
  title     = "Ruralidades ind{\'\i}genas na Amaz{\^o}nia colonial",
  author    = "Chambouleyron, Rafael and Arenz, Karl Heinz and Melo, Vanice
               Siqueira de",
  abstract  = "Resumo Este artigo tem por tema a quest{\~a}o da terra e os
               {\'\i}ndios na Amaz{\^o}nia, de meados do s{\'e}culo XVII a
               meados do s{\'e}culo XVIII. O objetivo {\'e} discutir os
               processos de expropria{\c c}{\~a}o ensejados pela conquista
               europeia, pensados no tempo e no espa{\c c}o, e refletir como,
               para al{\'e}m desta perspectiva, {\'e} preciso entender de que
               maneira os {\'\i}ndios coloniais buscaram construir espa{\c c}os
               de autonomia por meio da agricultura. Trata-se de mostrar que,
               se a coloniza{\c c}{\~a}o implicou um processo de apagamento dos
               espa{\c c}os e das pr{\'a}ticas agr{\'\i}colas ind{\'\i}genas,
               os {\'\i}ndios conseguiram construir novas pr{\'a}ticas ou
               legitimar novos espa{\c c}os de produ{\c c}{\~a}o agr{\'\i}cola,
               no interior do pr{\'o}prio mundo colonial.",
  journal   = "Bol. Mus. Para. Em{\'\i}lio Goeldi. Ci{\^e}nc. hum.",
  publisher = "MCTI/Museu Paraense Em{\'\i}lio Goeldi",
  volume    =  15,
  number    =  1,
  month     =  jan,
  year      =  2020,
  keywords  = "{\'I}ndios; Agricultura; Amaz{\^o}nia colonial;Sesmarias;Third
               Year Paper",
  language  = "pt"
}
